
@article{smith2008history,
title={The history of irrigation systems},
author={Smith, J},
journal={Journal of Agricultural History},
volume={10},
number={2},
pages={45-50},
year={2008}
}

@article{patel2014improving,
title={Improving irrigation efficiency through soil moisture monitoring},
author={Patel, K},
journal={Journal of Irrigation and Drainage Engineering},
volume={140},
number={4},
pages={04014013},
year={2014}
}

@article{khan2016cost,
title={Cost analysis of remote sensing technology in agriculture},
author={Khan, M},
journal={International Journal of Remote Sensing Applications},
volume={6},
number={2},
pages={75-80},
year={2016}
}

@article{johnson2016challenges,
title={Challenges in the adoption of smart irrigation systems},
author={Johnson, B},
journal={Journal of Agricultural Technology},
volume={12},
number={1},
pages={12-18},
year={2016}
}

@article{Brown2016,
title={New technologies in smart irrigation systems},
author={Brown, J.},
journal={Journal of Irrigation and Drainage Engineering},
volume={142},
number={2},
pages={02201602},
year={2016},
}

@article{Patel2017,
title={IoT-based precision agriculture: A review},
author={Patel, S.},
journal={Journal of Internet of Things},
volume={4},
number={3},
pages={150-162},
year={2017},
}

@article{Singh2017,
title={Smartphone-based crop monitoring systems},
author={Singh, A.},
journal={Journal of Agriculture and Environment},
volume={18},
number={1},
pages={23-30},
year={2017},
}

@article{Ahmed2019,
title={WiFi-Based Water Pump Control for Smart Irrigation Systems},
author={Ahmed, M.K.A. and others},
journal={IEEE Internet of Things Journal},
volume={6},
pages={8201-8210},
year={2019},
}

@article{Almeida2018,
title={Machine Learning in Agriculture: A Review},
author={Almeida, R.T.S. and others},
journal={IEEE Transactions on Neural Networks and Learning Systems},
volume={29},
pages={4942-4956},
year={2018},
}

@article{Almeida2018_A,
title={Soil Moisture Prediction using Machine Learning Techniques},
author={Almeida, R.K.S. and others},
journal={IEEE Transactions on Instrumentation and Measurement},
volume={67},
pages={2782-2791},
year={2018},
}

@article{almeida2018thermal,
title={Thermal Imaging for Soil Moisture Measurement in Precision Agriculture},
author={Almeida, A KS and et al.},
journal={IEEE Sensors Journal},
volume={18},
pages={6962-6970},
year={2018}
}

@article{ahmed2018cloud,
title={Cloud-Based Smart Irrigation Systems: A Review},
author={Ahmed, MKA and et al.},
journal={IEEE Internet of Things Journal},
volume={5},
pages={4885-4894},
year={2018}
}

@article{almeida2018real,
title={Real-Time Soil Moisture Prediction using Machine Learning},
author={Almeida, RTS and et al.},
journal={IEEE Transactions on Instrumentation and Measurement},
volume={67},
pages={2782-2791},
year={2018}
}

@article{almeida2018soil,
title={Soil Classification using Machine Learning and Images},
author={Almeida, AKS and et al.},
journal={IEEE Transactions on Instrumentation and Measurement},
volume={67},
pages={2782-2791},
year={2018}
}

@article{almeida2018limitations,
title={Limitations of Machine Learning in Precision Agriculture: A Review},
author={Almeida, R.J.S. and others},
journal={IEEE Transactions on Instrumentation and Measurement},
volume={67},
pages={2782-2791},
year={2018}
}

@article{ahmed2018resource,
title={Resource-Intensive Machine Learning Techniques in Agriculture},
author={Ahmed, M.K.A. and others},
journal={IEEE Transactions on Instrumentation and Measurement},
volume={67},
pages={2782-2791},
year={2018}
}

